@article{chen20,
  author = {Yilin Chen, Pengfei Li, Changbao Wu},
  title = {Doubly Robust Inference With Nonprobability Survey Samples},
  year = {2020},
  publisher = {Taylor & Francis},
  address = {USA},
  volume = {115},
  number = {532},
  url = {https://doi.org/10.1080/01621459.2019.1677241},
  doi = {10.1080/01621459.2019.1677241},
  journal = {Journal of the American Statistical Association},
  pages = {2011-2021}
}
@article{kim20,
  author = {Jae Kwang Kim, Seho Park, Yilin Chen, Changbao Wu},
  title = {Combining nonprobability and probability survey samples through mass imputation},
  year = {2020},
  address = {USA},
  journal = {J R Stat Soc Series},
  volume = {184},
  pages = {941– 963}
}
@article{kim22,
  author = {Jae Kwang Kim},
  title = {A gentle introduction to data integration in survey sampling},
  year = {2022},
  address = {USA},
  volume = {85},
  journal = {The Survey Statistician},
  pages = {19–29}
}
@article{shu20,
  author = {Shu Yang, Jae Kwang Kim, Rui Song},
  title = {Doubly robust inference when combining probability and nonprobability samples with high dimensional data},
  year = {2020},
  journal = {J. R. Statist. Soc. B}
}


